%% This BibTeX bibliography file was created using BibDesk.
%% https://bibdesk.sourceforge.io/

%% Created for Douglas Hughes at 2019-03-04 11:28:56 -0800 


%% Saved with string encoding Unicode (UTF-8) 


@book{gerber2012field,
	Author = {Gerber, Alan S and Green, Donald P},
	Date-Added = {2016-09-08 02:29:49 +0000},
	Date-Modified = {2016-09-08 02:29:49 +0000},
	Publisher = {WW Norton},
	Title = {Field experiments: Design, analysis, and interpretation},
	Year = {2012}}

@book{lupia1998,
	Author = {Lupia, Arthur and McCubbins, Mathew D},
	Publisher = {Cambridge University Press},
	Title = {The democratic dilemma: Can citizens learn what they need to know?},
	Year = {1998}}

@incollection{mcgowen2010,
	Author = {McGowen, Ernest B},
	Booktitle = {African-American Political Psychology},
	Editor = {Philpot T.S., White I.K.},
	Publisher = {Palgrave Macmillan},
	Title = {Depressing The Vote: The Environmental Determinants of Turnout In African-American Precincts in The 2000 Presidential Election},
	Year = {2010}}


@article{bates2017generalizability,
  title={The generalizability puzzle},
  author={Bates, Mary Ann and Glennerster, Rachel},
  journal={Stanford Social Innovation Review},
  volume={15},
  number={3},
  pages={50--54},
  year={2017},
  publisher={Leland Stanford Jr. University}
}

@article{philpot2009winning,
	Author = {Philpot, Tasha S and Shaw, Daron R and McGowen, Ernest B},
	Journal = {Public Opinion Quarterly},
	Number = {5},
	Pages = {995--1022},
	Publisher = {Oxford University Press},
	Title = {Winning the race: Black voter turnout in the 2008 presidential election},
	Volume = {73},
	Year = {2009}}

@article{delreal2018,
	Author = {Jose A. Del Real and Jonathan Martin},
	Journal = {The New York Times},
	Title = {As Democrats Court Latinos, Indifference Is a Powerful Foe},
	Url = {https://www.nytimes.com/2018/10/21/us/trump-latinos-democrats-midterms.html},
	Year = {2018},
	Bdsk-Url-1 = {https://www.nytimes.com/2018/10/21/us/trump-latinos-democrats-midterms.html}}

@article{korte2012,
        Author = {Gregory Korte},
	Journal = {USA Today},
	Title = {Shaming voters to vote: How groups use peer pressure},
	Url = {https://www.usatoday.com/story/news/politics/2012/11/02/peer-pressure-and-voting/1675019/},
	Year = {2012},
	Bdsk-Url-1 = {https://www.usatoday.com/story/news/politics/2012/11/02/peer-pressure-and-voting/1675019/}}
	
@article{roose2018,
	Author = {Kevin Roose},
	Journal = {The New York Times},
	Title = {Campaigns Enter Texting Era With a Plea: Will U Vote 4 Me?},
	Url = {https://www.nytimes.com/2018/08/01/technology/campaign-text-messages.html},
	Year = {2018},
	Bdsk-Url-1 = {https://www.nytimes.com/2018/08/01/technology/campaign-text-messages.html},
	urldate = {2020-3-31}}

@book{gerber2012,
	Author = {Gerber, Alan S and Green, Donald P},
	Publisher = {WW Norton},
	Title = {Field experiments: Design, analysis, and interpretation},
	Year = {2012}}

@article{hajnal2014immigration,
	Author = {Hajnal, Zoltan and Rivera, Michael U},
	Journal = {American Journal of Political Science},
	Number = {4},
	Pages = {773--789},
	Publisher = {Wiley Online Library},
	Title = {Immigration, Latinos, and white partisan politics: The new democratic defection},
	Volume = {58},
	Year = {2014}}

@book{bedolla2005,
	Author = {Lisa Garc\'{i}a-Bedolla},
	Publisher = {Los Angeles: University of California Press},
	Title = {Fluid Borders: Latino Power, Identity, and Politics in Los Angeles},
	Year = {2005}}

@book{bedolla2012,
	Author = {Garc\'{i}a-Bedolla, Lisa and Michelson, Melissa R.},
	Publisher = {Yale University Press},
	Title = {Mobilizing Inclusion: Transforming the Electorate Through Get-out-the-Vote Campaigns},
	Year = {2012}}

@article{lodge_1986,
	Author = {Lodge, Milton and Hamill, Ruth},
	Journal = {American Political Science Review},
	Number = {02},
	Pages = {505--519},
	Publisher = {Cambridge Univ Press},
	Title = {A partisan schema for political information processing},
	Volume = {80},
	Year = {1986}}

@article{malhotra2012email,
	Author = {Malhotra, Neil and Michelson, Melissa R and Valenzuela, Ali Adam},
	Journal = {Quarterly Journal of Political Science},
	Number = {3},
	Pages = {321--332},
	Publisher = {Now Publishers, Inc.},
	Title = {Emails from official sources can increase turnout},
	Volume = {7},
	Year = {2012}}

@article{valenzuela2016turnout,
	Author = {Valenzuela, Ali A and Michelson, Melissa R},
	Journal = {American Political Science Review},
	Number = {4},
	Pages = {615--630},
	Publisher = {Cambridge University Press},
	Title = {Turnout, status, and identity: Mobilizing Latinos to vote with group appeals},
	Volume = {110},
	Year = {2016}}

@book{green2015get,
	Author = {Green, Donald P and Gerber, Alan S},
	Publisher = {Brookings Institution Press},
	Title = {Get out the vote: How to increase voter turnout},
	Year = {2015}}

@book{green2019get,
  title={Get out the vote: How to increase voter turnout},
  author={Green, Donald P and Gerber, Alan S},
  year={2019},
  publisher={Brookings Institution Press}
}

@article{nickerson2007,
	Author = {Nickerson, David W},
	Journal = {Quarterly Journal of Political Science},
	Number = {4},
	Pages = {369--379},
	Publisher = {Now Publishers, Inc.},
	Title = {Does email boost turnout},
	Volume = {2},
	Year = {2007}}

@article{bennion2011,
	Author = {Bennion, Elizabeth A and Nickerson, David W},
	Journal = {Political Research Quarterly},
	Number = {4},
	Pages = {858--869},
	Publisher = {Sage Publications Sage CA: Los Angeles, CA},
	Title = {The cost of convenience: An experiment showing e-mail outreach decreases voter registration},
	Volume = {64},
	Year = {2011}}

@article{conover_1984,
	Author = {Conover, P J and Feldman, S},
	Issn = {0092-5853},
	Journal = {American Journal of Political Science},
	Number = {1},
	Pages = {95--126},
	Publisher = {JSTOR},
	Title = {{How people organize the political world: A schematic model}},
	Volume = {28},
	Year = {1984}}

@article{conover_1998,
	Author = {Conover, P J},
	Journal = {British Journal of Political Science},
	Number = {1},
	Pages = {51--76},
	Title = {The Role of Social Groups in Political Thinking},
	Volume = {18},
	Year = {1998}}

@article{kuklinski_1991,
	Author = {Kuklinski, J H and Luskin, R C and Bolland, J},
	Issn = {0003-0554},
	Journal = {The American Political Science Review},
	Number = {4},
	Pages = {1341--1356},
	Publisher = {JSTOR},
	Title = {{Where is the schema? Going beyong the" s" word in political psychology}},
	Volume = {85},
	Year = {1991}}

@article{axelrod_1973,
	Author = {Axelrod, Robert},
	Journal = {American Political Science Review},
	Number = {04},
	Pages = {1248--1266},
	Publisher = {Cambridge Univ Press},
	Title = {Schema theory: An information processing model of perception and cognition},
	Volume = {67},
	Year = {1973}}

@article{chen_1999,
	Author = {Chen, Serena and Chaiken, Shelly},
	Journal = {Dual-process theories in social psychology},
	Pages = {73--96},
	Title = {The heuristic-systematic model in its broader context},
	Year = {1999}}

@article{simon_1990,
	Author = {Simon, Herbert A},
	Journal = {Annual review of psychology},
	Number = {1},
	Pages = {1--20},
	Publisher = {Annual Reviews 4139 El Camino Way, PO Box 10139, Palo Alto, CA 94303-0139, USA},
	Title = {Invariants of human behavior},
	Volume = {41},
	Year = {1990}}

@article{cameron_1996,
	Author = {Charles Cameron and David Epstein and Sharyn O'Halloran},
	Date-Added = {2015-11-20 21:05:22 +0000},
	Date-Modified = {2015-11-20 21:06:39 +0000},
	Journal = {American Politcal Science Review},
	Number = {4},
	Pages = {794-812},
	Title = {Do majority-minority districts maximize substantive black representation in Congress?},
	Volume = {90},
	Year = {1996}}

@article{sanchez_2006,
	Author = {Gabriel Sanchez},
	Date-Added = {2015-11-20 21:03:56 +0000},
	Date-Modified = {2015-11-20 21:04:59 +0000},
	Journal = {American Politics Research},
	Number = {4},
	Pages = {427-450},
	Title = {The Role of Group Consciousness in Political Participation among Latinos in the United States},
	Volume = {34},
	Year = {2006}}

@article{alvarez2004revolution,
	Author = {Alvarez, R Michael and Bedolla, Lisa Garc{\'\i}a},
	Journal = {State Politics \& Policy Quarterly},
	Number = {1},
	Pages = {1--17},
	Publisher = {SAGE Publications Sage CA: Los Angeles, CA},
	Title = {The revolution against affirmative action in California: Racism, economics, and Proposition 209},
	Volume = {4},
	Year = {2004}}

@book{dawson_1994,
	Author = {Michael Dawson},
	Date-Added = {2015-11-20 21:02:32 +0000},
	Date-Modified = {2015-11-20 21:03:22 +0000},
	Publisher = {Princeton University Press},
	Title = {Behind the Mule: Race and Class in African-American Politics},
	Year = {1994}}

@unpublished{visalvanich_2015,
	Author = {Neil Visalvanich},
	Date-Added = {2015-11-20 20:22:21 +0000},
	Date-Modified = {2015-11-20 20:22:47 +0000},
	Note = {Durham University - School of Government and International Affairs},
	Title = {Asian Candidates in America: An Experimental and Observational Look},
	Year = {2015}}

@article{visalvanich_2016,
	Author = {Neil Visalvanich},
	Journal = {Politics, Groups, and Identities},
	Pages = {Forthcoming},
	Title = {When Does Race Matter? Exploring White Responses to Minority Congressional Candidates},
	Year = {2016}}

@book{chandra_2007,
	Author = {Kanchan Chandra},
	Date-Added = {2015-11-20 19:50:40 +0000},
	Date-Modified = {2015-11-20 19:52:33 +0000},
	Publisher = {Cambridge University Press},
	Title = {Why Ethnic Parties Succeed: Patronage and Ethnic Head Counts in India},
	Year = {2007}}

@unpublished{aguilar_2015,
	Author = {Rosario Aguilar},
	Date-Added = {2015-09-18 20:34:37 +0000},
	Date-Modified = {2015-09-18 20:37:09 +0000},
	Note = {CIDE},
	Title = {{The Effect of Context on the Expression of Prejudice: Electoral Behavior in the U.S. and Mexico.}},
	Year = {2015}}

@article{rumbaut_2010,
	Author = {Rumbaut, Rub{\'e}n G},
	Date-Added = {2015-09-10 19:20:07 +0000},
	Date-Modified = {2015-09-10 19:21:26 +0000},
	Journal = {The Future of Children},
	Number = {1},
	Pages = {43-66},
	Title = {Immigration and Adult Transitions},
	Volume = {20},
	Year = {2010}}

@article{waters_2005,
	Author = {Mary Waters and Tomas Jimenez},
	Date-Added = {2015-09-10 19:14:17 +0000},
	Date-Modified = {2015-09-10 19:15:16 +0000},
	Journal = {Annual Review of Sociology},
	Pages = {105-25},
	Title = {Assessing Immigrant Assimilation: New Empirical and Theoretical Challenges},
	Volume = {31},
	Year = {2005}}

@book{bean_2003,
	Author = {Frank Bean and Gillian Stevens},
	Date-Added = {2015-09-10 19:06:36 +0000},
	Date-Modified = {2015-09-10 19:13:14 +0000},
	Publisher = {Russell Sage Foundation},
	Title = {America's Newcomers and the Dynamics of Diversity},
	Year = {2005}}

@article{mcconnaughy_2010,
	Author = {Corrine McConnaughy and White and David Leal and Jason Casellas},
	Date-Added = {2015-09-10 18:57:21 +0000},
	Date-Modified = {2015-09-10 19:09:18 +0000},
	Journal = {Journal of Politics},
	Number = {4},
	Pages = {1199-1211},
	Title = {A Latino on the Ballot: Explaining Coethnic Voting Among Latinos and the Response of White Americans},
	Volume = {72},
	Year = {2010}}

@incollection{Marcelli_2014,
	Author = {Marcelli, Enrico A},
	Booktitle = {Migration and Health Research Methodologies: A Handbook for the Study of Migrant Populations},
	Date-Added = {2015-05-21 21:48:23 +0000},
	Date-Modified = {2015-05-21 22:08:19 +0000},
	Editor = {Marc Schenker and Xochitl Castaneda and Alfonso Rodrizuez-Lainz},
	Publisher = {University of California Press},
	Title = {Community-Based Migrant Household Probability Sampling},
	Year = {2014}}

@incollection{baker2015positional,
	Author = {Baker, Andy and Greene, Kenneth F},
	Booktitle = {The Latin American Voter: Pursuing Representation and Accountability in Challenging Contexts},
	Editor = {Ryan E. Carlin and Matthew M. Singer and Elizabeth J. Zechmeister},
	Publisher = {University of Michigan Press},
	Title = {Positional issue voting in Latin America},
	Year = {2015}}

@incollection{mainwaring2015left,
	Author = {Scott Mainwaring and Mariano Torcal and Nicolas Somma},
	Booktitle = {The Latin American Voter: Pursuing Representation and Accountability in Challenging Contexts},
	Editor = {Ryan E. Carlin and Matthew M. Singer and Elizabeth J. Zechmeister},
	Publisher = {University of Michigan Press},
	Title = {The Left and the Mobilization of Class Voting in Latin America},
	Year = {2015}}

@incollection{boas2015religion,
	Author = {Taylor Boas and Amy Erica Smith},
	Booktitle = {The Latin American Voter: Pursuing Representation and Accountability in Challenging Contexts},
	Editor = {Ryan E. Carlin and Matthew M. Singer and Elizabeth J. Zechmeister},
	Publisher = {University of Michigan Press},
	Title = {Religion and the Latin American Voter},
	Year = {2015}}

@article{lawson2010looking,
	Author = {Lawson, Chappell and Lenz, Gabriel S and Baker, Andy and Myers, Michael},
	Journal = {World Politics},
	Number = {4},
	Pages = {561--593},
	Publisher = {Cambridge University Press},
	Title = {Looking like a winner: Candidate appearance and electoral success in new democracies},
	Volume = {62},
	Year = {2010}}

@incollection{carlin2015conc,
	Author = {Ryan E. Carlin and Matthew M. Singer and Elizabeth J. Zechmeister},
	Booktitle = {The Latin American Voter: Pursuing Representation and Accountability in Challenging Contexts},
	Editor = {Ryan E. Carlin and Matthew M. Singer and Elizabeth J. Zechmeister},
	Publisher = {University of Michigan Press},
	Title = {Conclusion},
	Year = {2015}}

@article{terkildsen_1993,
	Author = {Terkildsen, Nayda},
	Date-Added = {2014-08-15 08:23:24 +0000},
	Date-Modified = {2014-08-15 08:23:30 +0000},
	Journal = {American Journal of Political Science},
	Pages = {1032--1053},
	Publisher = {JSTOR},
	Title = {When white voters evaluate black candidates: The processing implications of candidate skin color, prejudice, and self-monitoring},
	Year = {1993}}

@article{wallace_2014,
	Author = {Wallace, Sophia J},
	Date-Added = {2014-08-15 06:25:18 +0000},
	Date-Modified = {2014-08-15 06:25:26 +0000},
	Journal = {Political Science Quarterly},
	Number = {2},
	Pages = {261--291},
	Publisher = {Wiley Online Library},
	Title = {Papers Please: State-Level Anti-Immigrant Legislation in the Wake of Arizona's SB 1070},
	Volume = {129},
	Year = {2014}}

@article{barreto_2005,
	Author = {Barreto, Matt A},
	Date-Added = {2014-08-15 06:23:05 +0000},
	Date-Modified = {2014-08-15 06:23:12 +0000},
	Journal = {Political Research Quarterly},
	Number = {1},
	Pages = {79--86},
	Publisher = {Sage Publications},
	Title = {Latino immigrants at the polls: Foreign-born voter turnout in the 2002 election},
	Volume = {58},
	Year = {2005}}

@article{leal_2002,
	Author = {Leal, David L},
	Date-Added = {2014-08-15 06:19:52 +0000},
	Date-Modified = {2014-08-15 06:20:00 +0000},
	Journal = {British Journal of Political Science},
	Number = {02},
	Pages = {353--370},
	Publisher = {Cambridge Univ Press},
	Title = {Political participation by Latino non-citizens in the United States},
	Volume = {32},
	Year = {2002}}

@article{cain_1991,
	Author = {Cain, Bruce E and Kiewiet, D Roderick and Uhlaner, Carole J},
	Date-Added = {2014-08-15 06:15:56 +0000},
	Date-Modified = {2014-08-15 06:16:40 +0000},
	Journal = {American Journal of Political Science},
	Pages = {390--422},
	Publisher = {JSTOR},
	Title = {The acquisition of partisanship by Latinos and Asian Americans},
	Year = {1991}}

@article{manzano_2010,
	Author = {Manzano, Sylvia and Sanchez, Gabriel R},
	Date-Added = {2014-08-15 06:03:52 +0000},
	Date-Modified = {2014-08-15 06:04:00 +0000},
	Journal = {Political Research Quarterly},
	Number = {3},
	Pages = {568--580},
	Publisher = {Sage Publications},
	Title = {Take one for the team? Limits of shared ethnicity and candidate preferences},
	Volume = {63},
	Year = {2010}}

@article{leach_2007,
	Author = {Leach, Colin Wayne and Ellemers, Naomi and Barreto, Manuela},
	Date-Added = {2014-08-15 06:01:06 +0000},
	Date-Modified = {2014-08-15 06:01:12 +0000},
	Journal = {Journal of personality and social psychology},
	Number = {2},
	Pages = {234},
	Publisher = {American Psychological Association},
	Title = {{Group virtue: the importance of morality (vs. competence and sociability) in the positive evaluation of in-groups}},
	Volume = {93},
	Year = {2007}}

@article{abelson_etal_1982,
	Author = {Abelson, Robert P and Kinder, D R and Peters, M D and Fiske, S T},
	Journal = {Journal of Personality and Social Psychology},
	Pages = {619-630},
	Title = {Affective and Semantic Components in Political Person Perception},
	Type = {Journal Article},
	Volume = {42},
	Year = {1982}}

@phdthesis{aguilar_2009,
	Author = {Aguilar, Rosario},
	Date-Modified = {2015-09-10 19:21:58 +0000},
	School = {University of Michigan},
	Title = {The Political Consequences of Prejudice among Mexicans and Mexican Americans},
	Type = {Thesis},
	Year = {2009}}

@article{aguilar_2013,
	Author = {Aguilar, Rosario},
	Journal = {Pol{\'\i}tica y gobierno},
	Pages = {25-56},
	Title = {Los tonos de los desaf{\'\i}os democr{\'a}ticos: El color de la piel y la raza en M{\'e}xico},
	Type = {Journal Article},
	Volume = {Volumen tem{\'a}tico},
	Year = {2013}}

@misc{aguilar_2014,
	Author = {Aguilar, Rosario},
	Month = {July 4th-7th, 2014},
	Title = {The Effect of Context on the Expression of Prejudice: Electoral Behavior in the U.S. and Mexico},
	Type = {Conference Paper},
	Year = {2014}}

@incollection{ashmore_etal_1981,
	Author = {Ashmore, Richard D. and del Boca, F. K.},
	Booktitle = {Cognitive Processes in Stereotyping and Intergroup Behavior},
	Date-Modified = {2015-09-10 19:22:46 +0000},
	Editor = {Hamilton, D. L.},
	Publisher = {Erlbaum},
	Title = {Sex Stereotypes and Implicit Personality Theory},
	Year = {1981}}

@article{gomez2006cognitive,
	Author = {Gomez, Brad T and Wilson, J Matthew},
	Journal = {American Journal of Political Science},
	Number = {1},
	Pages = {127--145},
	Publisher = {Wiley Online Library},
	Title = {Cognitive heterogeneity and economic voting: A comparative analysis of four democratic electorates},
	Volume = {50},
	Year = {2006}}

@book{dominguez2009consolidating,
	Author = {Dom{\'\i}nguez, Jorge I and Lawson, Chappell H and Moreno, Alejandro},
	Publisher = {Johns Hopkins Univ Pr},
	Title = {Consolidating Mexico's democracy: the 2006 presidential campaign in comparative perspective},
	Year = {2009}}

@article{lawson2005television,
	Author = {Lawson, Chappell and McCann, James A},
	Journal = {British Journal of Political Science},
	Number = {1},
	Pages = {1--30},
	Publisher = {Cambridge University Press},
	Title = {Television news, Mexico's 2000 elections and media effects in emerging democracies},
	Volume = {35},
	Year = {2005}}

@article{klesner2002presidential,
	Author = {Klesner, Joseph L},
	Journal = {Electoral Studies},
	Number = {1},
	Pages = {140--147},
	Publisher = {Pergamon},
	Title = {Presidential and congressional elections in Mexico, July 2000},
	Volume = {21},
	Year = {2002}}

@article{greene2011campaign,
	Author = {Greene, Kenneth F},
	Journal = {American Journal of Political Science},
	Number = {2},
	Pages = {398--416},
	Publisher = {Wiley Online Library},
	Title = {Campaign Persuasion and Nascent Partisanship in Mexico's New Democracy},
	Volume = {55},
	Year = {2011}}

@article{klesner2005electoral,
	Author = {Klesner, Joseph L},
	Journal = {Latin American Politics and Society},
	Number = {2},
	Pages = {103--142},
	Publisher = {Wiley Online Library},
	Title = {Electoral competition and the new party system in Mexico},
	Volume = {47},
	Year = {2005}}

@book{dominguez2004mexico,
	Author = {Dom{\'\i}nguez, Jorge I and Lawson, Chappell H},
	Publisher = {Stanford University Press},
	Title = {Mexico's Pivotal Democratic Election: Candidates, Voters, and the Presidential Campaign of 2000},
	Year = {2004}}

@article{bonilla-silva_etal_2003,
	Author = {Bonilla-Silva, Eduardo},
	Journal = {White out: The continuing significance of racism},
	Pages = {271-84},
	Title = {New Racism, Color-Blind Racism, and the Future of Whiteness in America},
	Type = {Journal Article},
	Year = {2003}}

@book{brader_2006,
	Address = {Chicago},
	Author = {Brader, Ted},
	Pages = {280},
	Publisher = {Chicago University Press},
	Title = {Campaigning for Hearts and Minds: How Emotional Appeals in Political Ads Work},
	Type = {Book},
	Year = {2006}}

@article{brambor_etal_2006,
	Author = {Brambor, Thomas and Clark, William Roberts and Golder, Matt},
	Issn = {1047-1987},
	Journal = {Political Analysis},
	Number = {1},
	Pages = {63-82},
	Title = {Understanding Interaction Models: Improving Empirical Analyses},
	Type = {Journal Article},
	Volume = {14},
	Year = {2006}}

@article{darity_etal_2005,
	Author = {Darity, Jr, W. A. and Dietrich, J. and Hamilton, D. L.},
	Journal = {Transforming Anthropology},
	Number = {2},
	Pages = {103-109},
	Title = {Bleach in the Rainbow: Latin Ethnicity and Preference for Whiteness},
	Type = {Journal Article},
	Volume = {13},
	Year = {2005}}

@article{adida_2016,
	Author = {Claire L. Adida and Lauren D. Davenport and Gwyneth McClendon},
	Journal = {Public Opinion Quarterly},
	Number = {80},
	Pages = {815-836},
	Title = {Ethnic cueing across minorities: a survey experiment on candidate evaluation in the United States},
	Volume = {4},
	Year = {2016}}

@book{fiske_etal_1984,
	Address = {Reading, Mass},
	Author = {Fiske, Susan T. and Taylor, S. E.},
	Publisher = {Addison-Wesley Pub. Co.},
	Title = {Social Cognition},
	Type = {Book},
	Year = {1984}}

@article{flores_etal_2012,
	Author = {Flores, Ren{\'e} and Telles, Edward},
	Doi = {10.1177/0003122412444720},
	Journal = {American Sociological Review},
	Number = {3},
	Pages = {486-494},
	Title = {Social Stratification in Mexico: Disentangling Color, Ethnicity, and Class},
	Type = {Journal Article},
	Volume = {77},
	Year = {2012},
	Bdsk-Url-1 = {http://asr.sagepub.com/content/77/3/486.short},
	Bdsk-Url-2 = {http://dx.doi.org/10.1177/0003122412444720}}

@book{gordon_1964,
	Address = {New York},
	Author = {Gordon, Milton Myron},
	Keywords = {Assimilation (Sociology) Social groups United States / Social conditions},
	Pages = {276 p.},
	Publisher = {Oxford University Press},
	Title = {Assimilation in American life: the role of race, religion, and national origins},
	Type = {Book},
	Year = {1964},
	Bdsk-Url-1 = {http://mirlyn.lib.umich.edu/Record/001109598}}

@book{grant_1921,
	Address = {New York},
	Author = {Grant, Madison},
	Publisher = {Charles Scribner's Sons},
	Title = {The Great Race Or The Racial Basis Of European History},
	Type = {Book},
	Year = {1921}}

@article{hill_etal_2001,
	Author = {Hill, Kevin A and Moreno, Dario V and Cue, Lourdes},
	Date-Modified = {2014-08-15 08:10:10 +0000},
	Issn = {1467-9906},
	Journal = {Journal of Urban Affairs},
	Number = {3 - 4},
	Pages = {291 - 307},
	Title = {Racial and Partisan Voting in a Tri Ethnic City: The 1996 Dade County Mayoral Election},
	Type = {Journal Article},
	Volume = {23},
	Year = {2001}}

@book{jacobson_1998,
	Address = {Cambridge, MA},
	Author = {Jacobson, M. F.},
	Publisher = {Harvard University Press.},
	Title = {Whiteness of a Different Color},
	Type = {Book},
	Year = {1998}}

@article{kam_2007,
	Author = {Kam, Cindy D.},
	Journal = {Political Behavior},
	Pages = {343-367},
	Title = {Implicit Attitudes, Explicit Choices: When Subliminal Priming Predicts Candidate Preferences},
	Type = {Journal Article},
	Volume = {29},
	Year = {2007}}

@book{kam_etal_2007,
	Address = {Ann Arbor},
	Author = {Kam, Cindy D. and Franzese, Robert J.},
	Isbn = {9780472099696; 0472099698; 9780472069699; 0472069691},
	Keywords = {Regression analysis Social sciences Statistical methods Analyse de r{\~A}{\copyright}gression Sciences sociales M{\~A}{\copyright}thodes statistiques},
	Pages = {153},
	Publisher = {University of Michigan Press},
	Title = {Modeling and Interpreting Interactive Hypotheses in Regression Analysis},
	Type = {Book},
	Year = {2007}}

@article{kinder_1978,
	Author = {Kinder, Donald R.},
	Journal = {Journal of Personality and Social Psychology},
	Number = {859-871},
	Title = {Political Person Perception: The Asymmetrical Influence of Sentiment and Choice on Perceptions of Presidential Candidates},
	Type = {Journal Article},
	Volume = {36},
	Year = {1978}}

@incollection{knight_1990,
	Address = {Austin},
	Author = {Knight, Alan},
	Booktitle = {The Idea of Race in Latin America, 1870-1940},
	Publisher = {University of Texas Press},
	Title = {Racism, Revolution and Indigenismo: Mexico, 1910-1940},
	Year = {1990}}

@book{lipsitz_2006,
	Address = {Pennsylvania},
	Author = {Lipsitz, George},
	Publisher = {Temple University Press},
	Title = {The Possessive Investment in Whiteness: How White People Profit from Identity Politics},
	Type = {Book},
	Year = {2006}}

@article{lodge_etal_1989,
	Author = {Lodge, Milton and McGraw, Kathleen M. and Stroh, Patrick},
	Issn = {00030554},
	Journal = {The American Political Science Review},
	Number = {2},
	Pages = {399},
	Title = {An Impression-Driven Model of Candidate Evaluation},
	Type = {Journal Article},
	Volume = {83},
	Year = {1989}}

@inbook{machica_1998,
	Address = {M\'{e}xico, D. F.},
	Author = {Machuca, Jes\'{u}s Antonio},
	Booktitle = {Naci{\'o}n, racismo e identida},
	Date-Modified = {2014-08-15 06:12:17 +0000},
	Editor = {Castellanos Guerrero, Alicia and Sandoval, Juan Manuel},
	Publisher = {Editorial Nuestro Tiempo},
	Title = {Naci\'{o}n, mestizaje y racismo},
	Type = {Book Section},
	Year = {1998}}

@article{maddox_2004,
	Author = {Maddox, Keith B.},
	Journal = {Personality and Social Psychology Review},
	Pages = {383-401},
	Title = {Perspectives on Racial Phenotypicality Bias},
	Type = {Journal Article},
	Volume = {8},
	Year = {2004}}

@misc{oed_2005,
	Author = {OED, Oxford English Dictionary},
	Number = {July 1, 2005},
	Publisher = {Oxford University Press},
	Title = {``phenotype, n.''},
	Type = {Dictionary},
	Year = {2005},
	Bdsk-Url-1 = {http://dictionary.oed.com/cgi/entry/5017731}}

@article{portes_1984,
	Author = {Portes, Alejandro},
	Journal = {American Sociological Review},
	Pages = {383-397},
	Title = {The Rise of Ethnicity},
	Type = {Journal Article},
	Volume = {49},
	Year = {1984}}

@book{portes_etal_1996,
	Address = {Berkeley},
	Author = {Portes, Alejandro and Rumbaut, Rub{\'e}n G.},
	Edition = {2nd ed.},
	Publisher = {University of California Press},
	Title = {Immigrant America},
	Type = {Book},
	Year = {1996}}

@article{portes_etal_1993,
	Author = {Portes, Alejandro and Zhou, Min},
	Journal = {The Annals of the American Academy of Political and Social Sciences},
	Pages = {74-96},
	Title = {The New Second Generation},
	Type = {Journal Article},
	Volume = {530},
	Year = {1993}}

@article{rumbaut_2008,
	Author = {Rumbaut, Rub{\'e}n G},
	Date-Modified = {2015-09-10 19:25:22 +0000},
	Issn = {1088-8691},
	Journal = {Applied Development Science},
	Number = {2},
	Pages = {108-111},
	Title = {Reaping what you sow: Immigration, youth, and reactive ethnicity},
	Type = {Journal Article},
	Volume = {12},
	Year = {2008}}

@article{santoro_etal_2011,
	Author = {Santoro, Wayne A and Segura, Gary M},
	Issn = {1065-9129},
	Journal = {Political Research Quarterly},
	Number = {1},
	Pages = {172-184},
	Title = {Generational status and Mexican American political participation: The benefits and limitations of assimilation},
	Type = {Journal Article},
	Volume = {64},
	Year = {2011}}

@article{schwartz_etal_2010,
	Author = {Schwartz, Seth J and Unger, Jennifer B and Zamboanga, Byron L and Szapocznik, Jos{\'e}},
	Issn = {1935-990X},
	Journal = {American Psychologist},
	Number = {4},
	Pages = {237},
	Title = {Rethinking the concept of acculturation: implications for theory and research},
	Type = {Journal Article},
	Volume = {65},
	Year = {2010}}

@book{stephens_1989,
	Address = {Gainesville},
	Author = {Stephens, Thomas M.},
	Publisher = {University of Florida Press},
	Title = {Dictionary of Latin American Racial and Ethnic Terminology},
	Type = {Book},
	Year = {1989}}

@inbook{taber_2003,
	Address = {New York},
	Author = {Taber, Charles S.},
	Booktitle = {Oxford Handbook of Political Psychology},
	Editor = {Sears, D. O. and Huddy, L. and Jervis, R.},
	Publisher = {Oxford University Press},
	Title = {Information Processing and Public Opinion},
	Type = {Book Section},
	Year = {2003}}

@book{telles_etal_2008,
	Author = {Telles, Edward M and Ortiz, Vilma},
	Date-Modified = {2014-08-15 06:14:12 +0000},
	Publisher = {Russell Sage Foundation},
	Title = {Generations of exclusion: Mexican Americans, assimilation, and race},
	Year = {2008}}

@book{vasconcelos_1925,
	Address = {Buenos Aires},
	Author = {Vasconcelos, Jos\'{e}},
	Date-Modified = {2014-08-15 06:09:42 +0000},
	Pages = {210},
	Publisher = {Espasa-Calpe},
	Series = {Colecci\'{o}n Austral},
	Title = {La raza c\'{o}smica: misi\'{o}n de la raza iberamericana; Agentina y Brasil},
	Type = {Book},
	Year = {1948}}

@article{bueno2017race,
	Author = {Bueno, Nat{\'a}lia S and Dunning, Thad},
	Journal = {World Politics},
	Number = {2},
	Pages = {327--365},
	Publisher = {Cambridge University Press},
	Title = {Race, resources, and representation: evidence from Brazilian politicians},
	Volume = {69},
	Year = {2017}}

@article{villarreal_2010,
	Author = {Villarreal, Andr\'{e}s},
	Journal = {American Sociological Review},
	Number = {5},
	Pages = {652-678},
	Title = {Stratification by Skin Color in Contemporary Mexico},
	Type = {Journal Article},
	Volume = {75},
	Year = {2010}}

@article{weaver_2012,
	Author = {Weaver, Vesla},
	Date-Modified = {2015-12-03 16:56:29 +0000},
	Doi = {10.1007/s11109-010-9152-7},
	Issn = {0190-9320},
	Journal = {Political Behavior},
	Keywords = {Humanities, Social Sciences and Law},
	Number = {1},
	Pages = {159-192},
	Title = {The Electoral Consequences of Skin Color: The ``Hidden'' Side of Race in Politics},
	Type = {Journal Article},
	Volume = {34},
	Year = {2012},
	Bdsk-Url-1 = {http://dx.doi.org/10.1007/s11109-010-9152-7}}

@article{philpot_2007,
	Author = {Philpot, Tasha S. and Walton, Hanes},
	Journal = {American Journal of Political Science},
	Number = {1},
	Pages = {49-62},
	Title = {One of our own: Black female candidates and the voters who support them},
	Type = {Journal Article},
	Volume = {51},
	Year = {2007}}

@article{fiske_1980,
	Author = {Fiske, Susan T. and Linville, Patricia W.},
	Journal = {Personality and Social Psychology Bulletin},
	Pages = {543-57},
	Title = {What Does the Schema Concept Buy Us?},
	Type = {Journal Article},
	Volume = {6},
	Year = {1980}}

@article{aguilaretal_2015,
	Author = {Aguilar, Rosario and Cunow, Saul and Desposato, Scott and Barone, Leonardo},
	Journal = {Latin American Research Review},
	Number = {3},
	Pages = {175-202},
	Title = {Ballot Structure, Candidate Race, and Vote Choice in Brazil},
	Type = {Journal Article},
	Volume = {50},
	Year = {2015}}

@article{wong_2000,
	Author = {Wong, Janelle S.},
	Issn = {1935-990X},
	Journal = {Political Behavior},
	Number = {4},
	Pages = {341-371},
	Title = {The effects of age and political exposure on the development of party identification among Asian American and Latino immigrants in the United States},
	Volume = {22},
	Year = {2000}}

@article{barreto_2007isi,
	Author = {Barreto, Matt A},
	Journal = {American Political Science Review},
	Number = {3},
	Pages = {425--441},
	Publisher = {Cambridge University Press},
	Title = {iS{\'\i} Se Puede! Latino candidates and the mobilization of Latino voters},
	Volume = {101},
	Year = {2007}}

@article{berinsky_2005,
	Author = {Berinsky, Adam J and Mendelberg, Tali},
	Journal = {American Journal of Political Science},
	Number = {4},
	Pages = {845--864},
	Publisher = {Wiley Online Library},
	Title = {The indirect effects of discredited stereotypes in judgments of Jewish leaders},
	Volume = {49},
	Year = {2005}}

@article{callaghan_2002,
	Author = {Callghan, Karen and Terkildsen, Nayda},
	Journal = {Political Decision Making, Deliberation, and Participation},
	Pages = {51--95},
	Title = {Understanding the role of race in candidate evaluation},
	Volume = {6},
	Year = {2002}}

@article{canache_2014determinants,
	Author = {Canache, Damarys and Hayes, Matthew and Mondak, Jeffery J and Seligson, Mitchell A},
	Journal = {The Journal of Politics},
	Number = {2},
	Pages = {506--520},
	Publisher = {Cambridge University Press New York, USA},
	Title = {Determinants of perceived skin-color discrimination in Latin America},
	Volume = {76},
	Year = {2014}}

@article{citrin_1990white,
	Author = {Citrin, Jack and Green, Donald Philip and Sears, David O},
	Journal = {Public opinion quarterly},
	Number = {1},
	Pages = {74--96},
	Publisher = {Oxford University Press},
	Title = {White reactions to black candidates: When does race matter?},
	Volume = {54},
	Year = {1990}}

@article{colleau_1990symbolic,
	Author = {Colleau, Sophie M and Glynn, Kevin and Lybrand, Steven and Merelman, Richard M and Mohan, Paula and Wall, James E},
	Journal = {Political Behavior},
	Number = {4},
	Pages = {385--402},
	Publisher = {Springer},
	Title = {Symbolic racism in candidate evaluation: An experiment},
	Volume = {12},
	Year = {1990}}

@article{devine_1989stereotypes,
	Author = {Devine, Patricia G},
	Journal = {Journal of personality and social psychology},
	Number = {1},
	Pages = {5},
	Publisher = {American Psychological Association},
	Title = {Stereotypes and prejudice: Their automatic and controlled components.},
	Volume = {56},
	Year = {1989}}

@article{doremus_2001indigenism,
	Author = {Doremus, Anne},
	Journal = {Mexican Studies/Estudios Mexicanos},
	Number = {2},
	Pages = {375--402},
	Publisher = {University of California Press Journals},
	Title = {Indigenism, Mestizaje, and National Identity in Mexico during the 1940s and the 1950s},
	Volume = {17},
	Year = {2001}}

@article{rivera_2004indigenous,
	Author = {Rivera-S{\'a}nchez, Liliana},
	Title = {Indigenous Mexican Migrants in the United States},
	Year = {2004}}

@article{frank_2010,
	Author = {Frank, Reanne and Akresh, Ilana Redstone and Lu, Bo},
	Journal = {American Sociological Review},
	Number = {3},
	Pages = {378--401},
	Publisher = {Sage Publications Sage CA: Los Angeles, CA},
	Title = {Latino immigrants and the US racial order: How and where do they fit in?},
	Volume = {75},
	Year = {2010}}

@article{graves_2000ethnic,
	Author = {Graves, Scott and Lee, Jongho},
	Journal = {Social Science Quarterly},
	Pages = {226--236},
	Publisher = {JSTOR},
	Title = {Ethnic underpinnings of voting preference: Latinos and the 1996 US senate election in Texas},
	Year = {2000}}

@article{highton_2004white,
	Author = {Highton, Benjamin},
	Journal = {Political Behavior},
	Number = {1},
	Pages = {1--25},
	Publisher = {Springer},
	Title = {White voters and African American candidates for congress},
	Volume = {26},
	Year = {2004}}

@article{juenke_2014ignorance,
	Author = {Juenke, Eric Gonzalez},
	Journal = {American Journal of Political Science},
	Number = {3},
	Pages = {593--603},
	Publisher = {Wiley Online Library},
	Title = {Ignorance Is Bias: The Effect of Latino Losers on Models of Latino Representation},
	Volume = {58},
	Year = {2014}}

@article{wals_2013,
	Author = {Wals, Sergio C},
	Journal = {Electoral Studies},
	Number = {4},
	Pages = {756--767},
	Publisher = {Elsevier},
	Title = {Made in the USA? Immigrants' imported ideology and political engagement},
	Volume = {32},
	Year = {2013}}

@article{karlins_1969fading,
	Author = {Karlins, Marvin and Coffman, Thomas L and Walters, Gary},
	Journal = {Journal of personality and social psychology},
	Number = {1},
	Pages = {1},
	Publisher = {American Psychological Association},
	Title = {On the fading of social stereotypes: Studies in three generations of college students.},
	Volume = {13},
	Year = {1969}}

@book{kinder_1996divided,
	Author = {Kinder, Donald R and Sanders, Lynn M},
	Publisher = {University of Chicago Press},
	Title = {Divided by color: Racial politics and democratic ideals},
	Year = {1996}}

@article{lerman_2015,
	Author = {Lerman, Amy E and McCabe, Katherine T and Sadin, Meredith L},
	Journal = {Public Opinion Quarterly},
	Number = {1},
	Pages = {53--90},
	Publisher = {Oxford University Press UK},
	Title = {Political ideology, skin tone, and the psychology of candidate evaluations},
	Volume = {79},
	Year = {2015}}

@book{lewontin_1982,
	Author = {Lewontin, Richard C.},
	Publisher = {New York : Scientific American Library},
	Title = {Human diversity.},
	Year = {1982}}

@article{mcdermott_1998race,
	Author = {McDermott, Monika L},
	Journal = {Political Research Quarterly},
	Number = {4},
	Pages = {895--918},
	Publisher = {Sage Publications Sage CA: Thousand Oaks, CA},
	Title = {Race and gender cues in low-information elections},
	Volume = {51},
	Year = {1998}}

@book{mendelberg_2001race,
	Author = {Mendelberg, Tali},
	Publisher = {Princeton University Press},
	Title = {The race card: Campaign strategy, implicit messages, and the norm of equality},
	Year = {2001}}

@book{moreno_2009,
	Author = {Moreno, Alejandro},
	Publisher = {Miguel {\'A}ngel Porr{\'u}a},
	Title = {La decisi{\'o}n electoral: votantes, partidos y democracia, M{\'e}xico},
	Year = {2009}}

@article{moskowitz_1994psychological,
	Author = {Moskowitz, David and Stroh, Patrick},
	Journal = {Political Psychology},
	Pages = {307--329},
	Publisher = {JSTOR},
	Title = {Psychological sources of electoral racism},
	Year = {1994}}

@article{myrdal_1944american,
	Author = {Myrdal, Gunnar and others},
	Publisher = {Harper},
	Title = {An American dilemma; the Negro problem and modern democracy.(2 vols.).},
	Year = {1944}}

@misc{popkin_1991reasoning,
	Author = {Popkin, Samuel L},
	Publisher = {University of Chicago Press},
	Title = {The reasoning voter},
	Year = {1991}}

@article{ramakrishnan_2001,
	Author = {Ramakrishnan, S Karthick and Espenshade, Thomas J},
	Journal = {International Migration Review},
	Number = {3},
	Pages = {870--909},
	Publisher = {Wiley Online Library},
	Title = {Immigrant incorporation and political participation in the United States},
	Volume = {35},
	Year = {2001}}

@article{redlawsk_2010voters,
	Author = {Redlawsk, David P and Tolbert, Caroline J and Franko, William},
	Journal = {Political Research Quarterly},
	Number = {4},
	Pages = {875--889},
	Publisher = {Sage Publications Sage CA: Los Angeles, CA},
	Title = {Voters, emotions, and race in 2008: Obama as the first black president},
	Volume = {63},
	Year = {2010}}

@book{reeves_1997voting,
	Author = {Reeves, Keith},
	Publisher = {Oxford University Press},
	Title = {Voting Hopes or Fears?: White Voters, Black Candidates, and Racial Politics in America},
	Year = {1997}}

@article{sanbonmatsu_2002gender,
	Author = {Sanbonmatsu, Kira},
	Journal = {American Journal of Political Science},
	Pages = {20--34},
	Publisher = {JSTOR},
	Title = {Gender stereotypes and vote choice},
	Year = {2002}}

@article{sears_2005over,
	Author = {Sears, David O and Henry, Patrick J},
	Journal = {Advances in experimental social psychology},
	Pages = {95--150},
	Publisher = {Elsevier},
	Title = {Over thirty years later: A contemporary look at symbolic racism},
	Volume = {37},
	Year = {2005}}

@article{sears_1987jesse,
	Author = {Sears, David O and Citrin, Jack and Kosterman, Richard},
	Journal = {Blacks in Southern politics},
	Pages = {209--25},
	Publisher = {Praeger New York},
	Title = {Jesse Jackson and the southern white electorate in 1984},
	Year = {1987}}

@article{sears_1985whites,
	Author = {Sears, David O and Kinder, Donald R},
	Journal = {Journal of Personality and Social Psychology},
	Number = {5},
	Pages = {1141},
	Publisher = {American Psychological Association},
	Title = {Whites' opposition to busing: On conceptualizing and operationalizing group conflict.},
	Volume = {48},
	Year = {1985}}

@article{sigelman_1995black,
	Author = {Sigelman, Carol K and Sigelman, Lee and Walkosz, Barbara J and Nitz, Michael},
	Journal = {American Journal of Political Science},
	Pages = {243--265},
	Publisher = {JSTOR},
	Title = {Black candidates, white voters: Understanding racial bias in political perceptions},
	Year = {1995}}

@book{smith_1981categories,
	Author = {Smith, Edward E and Medin, Douglas L},
	Publisher = {Harvard University Press Cambridge, MA},
	Title = {Categories and concepts},
	Year = {1981}}

@article{sniderman_1993scar,
	Author = {Sniderman, Paul M and Piazza, Thomas},
	Journal = {MA: Harvard Uni},
	Title = {The Scar of Race (Cambridge},
	Year = {1993}}

@article{stoll_2007,
	Author = {Stoll, Michael A and Wong, Janelle S},
	Journal = {International Migration Review},
	Number = {4},
	Pages = {880--908},
	Publisher = {Wiley Online Library},
	Title = {Immigration and civic participation in a multiracial and multiethnic context},
	Volume = {41},
	Year = {2007}}

@article{sue_2013only,
	Author = {Sue, Christina A and Golash-Boza, Tanya},
	Journal = {Ethnic and Racial Studies},
	Number = {10},
	Pages = {1582--1598},
	Publisher = {Taylor \& Francis},
	Title = {``It was only a joke'': How racial humour fuels colour-blind ideologies in Mexico and Peru},
	Volume = {36},
	Year = {2013}}

@book{tate_1994,
	Author = {Tate, Katherine},
	Publisher = {Harvard University Press},
	Title = {From protest to politics: The new black voters in American elections},
	Year = {1994}}

@article{valentine_2002cues,
	Author = {Valentino, Nicholas A and Hutchings, Vincent L and White, Ismail K},
	Journal = {American Political Science Review},
	Number = {1},
	Pages = {75--90},
	Publisher = {Cambridge University Press},
	Title = {Cues that matter: How political ads prime racial attitudes during campaigns},
	Volume = {96},
	Year = {2002}}

@article{von_1997linguistic,
	Author = {Von Hippel, William and Sekaquaptewa, Denise and Vargas, Patrick},
	Journal = {Journal of Experimental Social Psychology},
	Number = {5},
	Pages = {490--509},
	Publisher = {Elsevier},
	Title = {The linguistic intergroup bias as an implicit indicator of prejudice},
	Volume = {33},
	Year = {1997}}

@article{wallace_2014examining,
	Author = {Wallace, Sophia J},
	Journal = {Social Science Quarterly},
	Number = {2},
	Pages = {311--327},
	Publisher = {Wiley Online Library},
	Title = {Examining Latino support for descriptive representation: The role of identity and discrimination},
	Volume = {95},
	Year = {2014}}

@book{wade_2017race,
	Author = {Wade, Peter},
	Publisher = {Pluto press},
	Title = {Race and ethnicity in Latin America},
	Year = {2017}}

@book{allport_1954,
	Author = {Allport, Gordon},
	Publisher = {Cambridge: Addison-Wesley},
	Title = {The Nature of Prejudice},
	Year = {1954}}

@article{kinder_1986,
	Author = {Kinder, Donald R},
	Journal = {Political cognition},
	Publisher = {Lawrence Erlbaum Hillsdale, NJ},
	Title = {Presidential character revisited},
	Volume = {19},
	Year = {1986}}

@book{perlmann_2002,
	Author = {Perlmann, Joel and Waters, Mary C},
	Publisher = {Russell Sage Foundation},
	Title = {The new race question: How the census counts multiracial individuals},
	Year = {2002}}

@misc{green_sop,
	Author = {Lin, Winston and Green, Donald P. and Coppock, Alexander},
	Howpublished = {\url{https://github.com/acoppock/Green-Lab-SOP}},
	Note = {Accessed: 27 October 2017},
	Title = {Standard Operating Procedures for Don Green's Lab at Columbia},
	Year = {2017}}

@book{perez_2016,
	Author = {P\'{e}rez, Efr\'{e}n O.},
	Publisher = {Cambridge University Press},
	Title = {Unspoken Politics: Implicit Attitudes and Political Thinking},
	Year = {2016}}


@book{desposato2015ethics,
  title={Ethics and experiments: Problems and solutions for social scientists and policy professionals},
  author={Desposato, Scott},
  year={2015},
  publisher={Routledge}
}

@article{winter_2010,
	Author = {Winter, Nicholas},
	Journal = {Political Behavior},
	Number = {4},
	Pages = {587-618},
	Title = {Masculine Republicans and feminine Democrats: Gender and Americans' explicit and implicit images of the political parties},
	Volume = {32},
	Year = {2010}}

@book{lipset_1967,
	Author = {Seymour Martin Lipset and Stein Rokkan},
	Publisher = {Free Press},
	Title = {Party Systems and Voter Alignments: Cross-National Perspectives},
	Year = {1967}}

@article{hughes2017,
	Author = {Hughes, D. Alex and Levitt, Justin and Hill, Seth J. and Kousser, Thad},
	Journal = {California Journal of Politics and Policy},
	Number = 2,
	Title = {The Impact of GOTV Depends upon Campaign Context: A Field Experiment in the 2014 California Primary},
	Volume = 9,
	Year = 2017}

@article{hughes2019,
	Author = {Hughes, D. Alex and Gell-Redman, Micah and Krishnaswami, Natarajan and Rodenberger, Diana and Monge, Guillermo and Crabtree, Charles},
	Journal = {Journal of Experimental Political Science},
	Number = {1},
	Pages = {1-9},
	Title = {Persistent Bias Among Local Election Officials},
	Year = {2019}}

@article{riker1968,
	Author = {Riker, William H and Ordeshook, Peter C},
	Date-Modified = {2019-03-04 19:28:56 +0000},
	Journal = {American political science review},
	Number = {1},
	Pages = {25--42},
	Publisher = {Cambridge University Press},
	Title = {A Theory of the Calculus of Voting},
	Volume = {62},
	Year = {1968}}

@article{brady1995beyond,
	Author = {Brady, Henry E and Verba, Sidney and Schlozman, Kay Lehman},
	Journal = {American Political Science Review},
	Number = {2},
	Pages = {271--294},
	Publisher = {Cambridge University Press},
	Title = {Beyond SES: A resource model of political participation},
	Volume = {89},
	Year = {1995}}

@book{sinclair2012social,
	Author = {Sinclair, Betsy},
	Publisher = {University of Chicago Press},
	Title = {The social citizen: Peer networks and political behavior},
	Year = {2012}}

@article{bond201261,
	Author = {Bond, Robert M and Fariss, Christopher J and Jones, Jason J and Kramer, Adam DI and Marlow, Cameron and Settle, Jaime E and Fowler, James H},
	Journal = {Nature},
	Number = {7415},
	Pages = {295},
	Publisher = {Nature Publishing Group},
	Title = {A 61-million-person experiment in social influence and political mobilization},
	Volume = {489},
	Year = {2012}}

@article{nagler1991effect,
	Author = {Nagler, Jonathan},
	Journal = {The American Political Science Review},
	Pages = {1393--1405},
	Publisher = {JSTOR},
	Title = {The effect of registration laws and education on US voter turnout},
	Year = {1991}}

@article{highton1997easy,
	Author = {Highton, Benjamin},
	Journal = {The Journal of Politics},
	Number = {2},
	Pages = {565--575},
	Publisher = {University of Texas Press},
	Title = {Easy registration and voter turnout},
	Volume = {59},
	Year = {1997}}

@article{hopkins2017,
	Author = {Hopkins, Daniel J and Meredith, Marc and Morse, Michael and Smith, Sarah and Yoder, Jesse},
	Journal = {Journal of Empirical Legal Studies},
	Number = {1},
	Pages = {79--128},
	Publisher = {Wiley Online Library},
	Title = {Voting but for the law: Evidence from Virginia on photo identification requirements},
	Volume = {14},
	Year = {2017}}

@article{amos2017,
	Author = {Amos, Brian and Smith, Daniel A and Claire, Casey Ste},
	Journal = {Political Behavior},
	Number = {1},
	Pages = {133--156},
	Publisher = {Springer},
	Title = {Reprecincting and voting behavior},
	Volume = {39},
	Year = {2017},
	Bdsk-File-1 = {YnBsaXN0MDDUAQIDBAUGJCVYJHZlcnNpb25YJG9iamVjdHNZJGFyY2hpdmVyVCR0b3ASAAGGoKgHCBMUFRYaIVUkbnVsbNMJCgsMDxJXTlMua2V5c1pOUy5vYmplY3RzViRjbGFzc6INDoACgAOiEBGABIAFgAdccmVsYXRpdmVQYXRoWWFsaWFzRGF0YV8QTC4uLy4uLy4uLy4uLy4uL0Rvd25sb2Fkcy9BbW9zMjAxN19BcnRpY2xlX1JlcHJlY2luY3RpbmdBbmRWb3RpbmdCZWhhdmlvci5wZGbSFwsYGVdOUy5kYXRhTxEB7AAAAAAB7AACAAAMTWFjaW50b3NoIEhEAAAAAAAAAAAAAAAAAAAAAAAAAEJEAAH/////H0Ftb3MyMDE3X0FydGljbGVfUiNGRkZGRkZGRi5wZGYAAAAAAAAAAAAAAAAAAAAAAAAAAAAAAAAAAAAAAAAAAP////8AAAAAAAAAAAAAAAAABQACAAAKIGN1AAAAAAAAAAAAAAAAAAlEb3dubG9hZHMAAAIAUy86VXNlcnM6ZG91Z2xhc2h1Z2hlczpEb3dubG9hZHM6QW1vczIwMTdfQXJ0aWNsZV9SZXByZWNpbmN0aW5nQW5kVm90aW5nQmVoYXZpb3IucGRmAAAOAGgAMwBBAG0AbwBzADIAMAAxADcAXwBBAHIAdABpAGMAbABlAF8AUgBlAHAAcgBlAGMAaQBuAGMAdABpAG4AZwBBAG4AZABWAG8AdABpAG4AZwBCAGUAaABhAHYAaQBvAHIALgBwAGQAZgAPABoADABNAGEAYwBpAG4AdABvAHMAaAAgAEgARAASAFFVc2Vycy9kb3VnbGFzaHVnaGVzL0Rvd25sb2Fkcy9BbW9zMjAxN19BcnRpY2xlX1JlcHJlY2luY3RpbmdBbmRWb3RpbmdCZWhhdmlvci5wZGYAABMAAS8AABUAAgAU//8AAIAG0hscHR5aJGNsYXNzbmFtZVgkY2xhc3Nlc11OU011dGFibGVEYXRhox0fIFZOU0RhdGFYTlNPYmplY3TSGxwiI1xOU0RpY3Rpb25hcnmiIiBfEA9OU0tleWVkQXJjaGl2ZXLRJidUcm9vdIABAAgAEQAaACMALQAyADcAQABGAE0AVQBgAGcAagBsAG4AcQBzAHUAdwCEAI4A3QDiAOoC2gLcAuEC7AL1AwMDBwMOAxcDHAMpAywDPgNBA0YAAAAAAAACAQAAAAAAAAAoAAAAAAAAAAAAAAAAAAADSA==}}

	
@article{herron2012,
  title={Souls to the polls: Early voting in Florida in the shadow of House Bill 1355},
  author={Herron, Michael C and Smith, Daniel A},
  journal={Election Law Journal},
  volume={11},
  number={3},
  pages={331--347},
  year={2012},
  publisher={Mary Ann Liebert, Inc. 140 Huguenot Street, 3rd Floor New Rochelle, NY 10801 USA}
}

@article{herron2016,
  title={Precinct resources and voter wait times},
  author={Herron, Michael C and Smith, Daniel A},
  journal={Electoral Studies},
  volume={42},
  pages={249--263},
  year={2016},
  publisher={Elsevier}
}

@article{rosenstone1993,
  title={Mobilization, participation, and democracy in America},
  author={Rosenstone, Steven J and Hansen, John Mark and Reeves, Keith},
  year={1993},
  publisher={Macmillan Publishing Company New York}
}

@article{hassell2017,
  title={The differential effects of stress on voter turnout},
  author={Hassell, Hans JG and Settle, Jaime E},
  journal={Political Psychology},
  volume={38},
  number={3},
  pages={533--550},
  year={2017},
  publisher={Wiley Online Library}
}

@misc{mcdonald2018,
title={Voter Turnout Demographics},
url={http://www.electproject.org/home/voter-turnout/demographics},
journal={United States Election Project},
year={2018},
author={McDonald, Michael P}}

@techreport{pew2017,
  title={Tech Adoption Climbs Among Older Adults},
  author={Anderson, Monica and Perrin, Andrew},
  year={2017},
  institution={Pew Research Center}
}


@article{key1984southern,
  title={Southern Politics in State and Nation: A New Edition},
  author={Key Jr, Valdimer Orlando},
  journal={Knoxville, TN: University},
  year={1984}
}

@techreport{pew2018,
  title={Social Media Use in 2018},
  author={Smith, Aaron and Anderson, Monica},
  year={2018},
  institution={Pew Research Center}
}

@book{chavez2013,
  title={The Latino threat: Constructing immigrants, citizens, and the nation},
  author={Chavez, Leo},
  year={2013},
  publisher={Stanford University Press}
}

@book{blalock1967,
  title={Toward a Theory of Minority-Group Relations},
  author={Blalock, Hubert M.},
  year={1967},
  publisher={John Wiley \& Sons}
}

@book{gilens2009,
  title={Why Americans hate welfare: Race, media, and the politics of antipoverty policy},
  author={Gilens, Martin},
  year={2009},
  publisher={University of Chicago Press}
}


@book{popkin1994,
  title={The reasoning voter: Communication and persuasion in presidential campaigns},
  author={Popkin, Samuel L and Popkin, Samuel L},
  year={1994},
  publisher={University of Chicago Press}
}

@article{perez2015,
  title={Xenophobic Rhetoric and Its Political Effects on Immigrants and Their Co-Ethnics},
  author={P{\'e}rez, Efr{\'e}n O},
  journal={American Journal of Political Science},
  volume={59},
  number={3},
  pages={549--564},
  year={2015},
  publisher={Wiley Online Library}
}

@incollection{michelson2011,
	Author = {Michelson, Melissa R and Nickerson, David W},
	Booktitle = {Cambridge handbook of experimental political science},
	Editor = {Druckman, James N and Green, Donald P and Kuklinski, James H and Lupia, Arthur},
	Publisher = {Cambridge University Press},
	Title = {Voter mobilization},
	Year = {2011}
}

@article{kousser2007,
  title={Does voting by mail increase participation? Using matching to analyze a natural experiment},
  author={Kousser, Thad and Mullin, Megan},
  journal={Political Analysis},
  volume=15,
  number=4,
  pages={428--445},
  year=2007,
  publisher={Cambridge University Press}
}


@article{mccabe2015,
  title={Pushing too hard: Using door-in-the-face to get voters out the door},
  author={McCabe, Deborah Brown and Michelson, Melissa R},
  journal={Journal of Political Marketing},
  volume={14},
  number={4},
  pages={316--332},
  year={2015},
  publisher={Taylor \& Francis}
}

@article{grose2008,
author = {Grose, Christian and Russell, Carrie},
year = {2008},
month = {12},
pages = {1},
title = {Avoiding the Vote: A Theory and Field Experiment of the Social Costs of Public Political Participation},
journal = {SSRN Electronic Journal},
doi = {10.2139/ssrn.1310868}
}

@article{cornwall2012,
  title={Does Misinformation Demobilize the Electorate? Measuring the Impact of Alleged `Robocalls' in the 2011 Canadian Election},
  author={Cornwall, Tom and Kessler, Anke S},
  year={2012},
  publisher={CEPR Discussion Paper No. DP8945}
}

@article{gerber2009,
  title={Descriptive social norms and motivation to vote: Everybody's voting and so should you},
  author={Gerber, Alan S and Rogers, Todd},
  journal={The Journal of Politics},
  volume={71},
  number={1},
  pages={178--191},
  year={2009},
  publisher={Cambridge University Press New York, USA}
}

@article{gerber2008,
  title={Social pressure and voter turnout: Evidence from a large-scale field experiment},
  author={Gerber, Alan S and Green, Donald P and Larimer, Christopher W},
  journal={American political Science review},
  volume={102},
  number={1},
  pages={33--48},
  year={2008},
  publisher={Cambridge University Press}
}

@book{jardina2019,
  title={White identity politics},
  author={Jardina, Ashley},
  year={2019},
  publisher={Cambridge University Press}
}

@article{coppock2019,
  title={Avoiding post-treatment bias in audit experiments},
  author={Coppock, Alexander},
  journal={Journal of Experimental Political Science},
  volume={6},
  number={1},
  pages={1--4},
  year={2019},
  publisher={Cambridge University Press}
}

@book{wooldridge2010econometric,
  title={Econometric analysis of cross section and panel data},
  author={Wooldridge, Jeffrey M},
  year={2010},
  publisher={MIT press}
}

@article{herron2014,
  title={Race, party, and the consequences of restricting early voting in Florida in the 2012 general election},
  author={Herron, Michael C and Smith, Daniel A},
  journal={Political Research Quarterly},
  volume={67},
  number={3},
  pages={646--665},
  year={2014},
  publisher={SAGE Publications Sage CA: Los Angeles, CA}
}

@article{george2014,
  title={A systematic review of barriers and facilitators to minority research participation among African Americans, Latinos, Asian Americans, and Pacific Islanders},
  author={George, Sheba and Duran, Nelida and Norris, Keith},
  journal={American journal of public health},
  volume={104},
  number={2},
  pages={e16--e31},
  year={2014},
  publisher={American Public Health Association}
}

@book{dawson1995,
  title={Behind the mule: Race and class in African-American politics},
  author={Dawson, Michael C},
  year={1995},
  publisher={Princeton University Press}
}

@article{brandt1978,
  title={Racism and research: the case of the Tuskegee Syphilis Study},
  author={Brandt, Allan M},
  journal={Hastings center report},
  pages={21--29},
  year={1978},
  publisher={JSTOR}
}

@book{marcus2000,
  title={Affective intelligence and political judgment},
  author={Marcus, George E and Neuman, W Russell and MacKuen, Michael},
  year={2000},
  publisher={University of Chicago Press}
}

@article{panagopoulos2010,
  title={Affect, social pressure and prosocial motivation: Field experimental evidence of the mobilizing effects of pride, shame and publicizing voting behavior},
  author={Panagopoulos, Costas},
  journal={Political Behavior},
  volume={32},
  number={3},
  pages={369--386},
  year={2010},
  publisher={Springer}
}

@article{evers2019,
	Author = {Karl Evers-Hillstrom and Camille Erickson},
	Journal = {The Center for Responsive Politics},
	Title = {Your email is for sale — and 2020 candidates are paying up},
	Url = {https://www.opensecrets.org/news/2019/06/email-list-for-sale-2020-candidates-are-paying/},
	Year = {2019},
	Bdsk-Url-1 = {https://www.opensecrets.org/news/2019/06/email-list-for-sale-2020-candidates-are-paying/},
	urldate = {2020-3-31}
	}

@article{astor2019,
	Author = {Maggie Astor},
	Journal = {The New York Times},
	Title = {880 Emails Over 6 Weeks: Here’s How 2020 Democrats Portray Themselves},
	Url = {https://www.nytimes.com/2019/06/25/us/politics/democrats-2020-emails.html},
	Year = {2019},
	Bdsk-Url-1 = {https://www.nytimes.com/2019/06/25/us/politics/democrats-2020-emails.html},
	urldate = {2020-3-31}}

@article{rivera2016,
  Author = {Michael U. Rivera and D. Alex Hughes and Micah Gell-Redman},
  Journal = {Evidence in Governance and Politics: Experimental Pre-Registration.},
  Title = {Mobilizing Voters Using Email},
  Year = {2016}, 
  volume = {Registration ID: 20161129AA},
  Url = {http://egap.org/registration/2283},
  urldate = {2020-04-23}
  }


@data{rivera2020,
author = {Rivera, Michael U. and Hughes, D. Alex Hughes and Gell-Redman, Micah},
publisher = {Harvard Dataverse},
title = {{Replication Data for: Email Mobilization Messages Suppress Turnout Among Black and Latino Voters: Experimental Evidence From the 2016 General Election}},
year = {2020},
version = {V1},
doi = {10.7910/DVN/YIZEA7},
url = {https://doi.org/10.7910/DVN/YIZEA7}
}